<record><leader>00000cas a2200000 a 4500</leader><controlfield tag="001">10435335</controlfield><controlfield tag="008">840220d19091917ksuwr ne      0   a0eng d</controlfield><datafield ind1=" " ind2=" " tag="010"><subfield code="a">sn 84029127 </subfield></datafield><datafield ind1=" " ind2=" " tag="040"><subfield code="a">KSH</subfield><subfield code="b">eng</subfield><subfield code="c">KSH</subfield><subfield code="d">NPT</subfield><subfield code="d">OCL</subfield><subfield code="d">OCLCQ</subfield></datafield><datafield ind1=" " ind2=" " tag="042"><subfield code="a">msc</subfield></datafield><datafield ind1="0" ind2="0" tag="245"><subfield code="a">Weekly x-rays-democrat.</subfield></datafield><datafield ind1=" " ind2=" " tag="260"><subfield code="a">Arkansas City, Kan. :</subfield><subfield code="b">[s.n.],</subfield><subfield code="c">1909-1917.</subfield></datafield><datafield ind1=" " ind2=" " tag="300"><subfield code="a">2 v. :</subfield><subfield code="b">ill. ;</subfield><subfield code="c">53 cm.</subfield></datafield><datafield ind1=" " ind2=" " tag="310"><subfield code="a">Weekly</subfield></datafield><datafield ind1="0" ind2=" " tag="362"><subfield code="a">X-rays v. 13, no. 2 (Oct. 16, 1909)-v. 14, no. 52 (Oct. 29, 1910) = Democrat v. 31, no. 11-v. 32, no. 60 ; v. 32, no. 61 (Nov. 5, 1910)-v. 39, no. 11 (Sept. 1, 1917).</subfield></datafield><datafield ind1=" " ind2=" " tag="500"><subfield code="a">Published in Topeka, Kan., Apr. 5, 1912-Sept. 1, 1917.</subfield></datafield><datafield ind1=" " ind2=" " tag="515"><subfield code="a">Numbering is irregular.</subfield></datafield><datafield ind1=" " ind2=" " tag="752"><subfield code="a">United States</subfield><subfield code="b">Kansas</subfield><subfield code="c">Cowley</subfield><subfield code="d">Arkansas City.</subfield></datafield><datafield ind1=" " ind2=" " tag="752"><subfield code="a">United States</subfield><subfield code="b">Kansas</subfield><subfield code="c">Shawnee</subfield><subfield code="d">Topeka.</subfield></datafield><datafield ind1="0" ind2="4" tag="780"><subfield code="t">Weekly x-rays</subfield><subfield code="w">(DLC)sn 84029031</subfield></datafield><datafield ind1="0" ind2="4" tag="780"><subfield code="t">Arkansas Valley democrat (Arkansas City, Kan.)</subfield><subfield code="w">(DLC)sn 84029078</subfield></datafield><datafield ind1="0" ind2="0" tag="785"><subfield code="t">Kansas State democrat</subfield><subfield code="w">(DLC)sn 85067100</subfield></datafield></record>